<?xml version="1.0" encoding="UTF-8"?><collection xmlns="http://www.loc.gov/MARC21/slim"><record><leader>00363nam--2200145-i-4500</leader><controlfield tag="001">000013827</controlfield><controlfield tag="002">20161230</controlfield><controlfield tag="005">20161230201030</controlfield><controlfield tag="008">060222s1000------------r-----000-0-eng-d</controlfield><datafield ind1=" " ind2=" " tag="080"><subfield code="a">550.3</subfield></datafield><datafield ind1=" " ind2=" " tag="245"><subfield code="a">Continental drift</subfield></datafield><datafield ind1=" " ind2=" " tag="260"><subfield code="a">New York, Academic Pr4ess, 1962 Xii + 338 P</subfield></datafield><datafield ind1=" " ind2=" " tag="490"><subfield code="a">International Geophysics Series</subfield></datafield><datafield ind1=" " ind2=" " tag="700"><subfield code="a">S.K.Runcorn</subfield></datafield><datafield ind1=" " ind2=" " tag="852"><subfield code="a">47685</subfield></datafield></record></collection>